%% This BibTeX bibliography file was created using BibDesk.
%% https://bibdesk.sourceforge.io/


%% Saved with string encoding Unicode (UTF-8) 

@book{peter2008introductory,
  title={Introductory Statistics with R},
  author={Peter, Dalgaard},
  year={2008},
  publisher={Springer}
}

@book{briney2015data,
  title={Data Management for Researchers: Organize, maintain and share your data for research success},
  author={Briney, Kristin},
  year={2015},
  publisher={Pelagic Publishing Ltd}
}






