@misc{Web1,
  title = {Natural Language Processing With R},
  howpublished = {\url{https://www.udacity.com/blog/2020/10/natural-language-processing-with-r.html}},
  note = {Accessed: 05-20-2022}
}

@misc{Web2,
  title = {What is Text Analysis? A Beginner's Guide},
  howpublished = {\url{https://monkeylearn.com/text-analysis/}},
  note = {Accessed: 05-20-2022}
}



